<?xml version="1.0" encoding="UTF-8"?><collection><record><leader>08227ntm a2200649 a 4500</leader><controlfield tag="001">006803908</controlfield><controlfield tag="003">MiAaHDL</controlfield><controlfield tag="005">20190719000000.0</controlfield><controlfield tag="006">m        d        </controlfield><controlfield tag="007">cr bn ---auaua</controlfield><controlfield tag="008">090527s1669    xx            00| ||ara d</controlfield><datafield tag="035" ind1=" " ind2=" "><subfield code="a">(MiU)006803908</subfield></datafield><datafield tag="035" ind1=" " ind2=" "><subfield code="a">sdr-miu006803908</subfield></datafield><datafield tag="040" ind1=" " ind2=" "><subfield code="a">MiU</subfield><subfield code="c">MiU</subfield><subfield code="e">amremm</subfield></datafield><datafield tag="043" ind1=" " ind2=" "><subfield code="a">n-us-mi</subfield></datafield><datafield tag="100" ind1="1" ind2=" "><subfield code="6">880-01</subfield><subfield code="a">Muḥarram ibn Muḥammad,</subfield><subfield code="d">-approximately 1601.</subfield></datafield><datafield tag="245" ind1="1" ind2="0"><subfield code="6">880-03</subfield><subfield code="a">Hadīyat al-ṣuʻlūk fī sharḥ Tuḥfat al-mulūk,</subfield><subfield code="f">[1080, i.e. 1669].</subfield></datafield><datafield tag="246" ind1="3" ind2=" "><subfield code="i">Edge title (tail):</subfield><subfield code="a">صعلوك</subfield></datafield><datafield tag="260" ind1=" " ind2=" "><subfield code="c">[1669].</subfield></datafield><datafield tag="300" ind1=" " ind2=" "><subfield code="a">165 leaves :</subfield><subfield code="b">paper ;</subfield><subfield code="c">204 x 153 (145 x 77) mm.</subfield></datafield><datafield tag="500" ind1=" " ind2=" "><subfield code="a">Shelfmark: Ann Arbor, University of Michigan, Special Collections Library, Isl. Ms. 566</subfield></datafield><datafield tag="500" ind1=" " ind2=" "><subfield code="a">Origin: As appears in colophon on p.426, copied by Walī ibn Shaʻbān (Veli bin Şaban) with transcription completed Muḥarram 1080 [June 1669]. As appears in preceding authorial colophon (also on p.426), composition completed 1 Rajab 981 [ca. 27 October 1573].</subfield></datafield><datafield tag="500" ind1=" " ind2=" "><subfield code="a">Accompanying materials: a. Acquisitions slip from Yahuda (paginated pp.1-2) -- b. 46 slips carrying glosses, etc. (paginated, e.g. pp.33-34, 35-36, 37-38, 43-44, etc.).</subfield></datafield><datafield tag="500" ind1=" " ind2=" "><subfield code="a">Former shelfmark: From interior of upper cover and fore edge flap label "IL 407" (likely supplied by Yahuda see acquisitions slip).</subfield></datafield><datafield tag="500" ind1=" " ind2=" "><subfield code="a">Binding: Pasteboards covered in dark red-brown leather ; Type II binding (with flap) ; board linings in dull yellow-tinted paper ; upper and lower covers carry blind-stamped mandorla (filled with vegetal composition, compare Déroche class. OSv 1) ; sewn in light brown or grey thread, two stations ; worked chevron endbands in cream and or light yellow, fair condition, some losses to tailband ; overall in fair condition with abrasion, some lifting and losses of leather, minor delamination of upper board, etc. ; numerous repairs to board edges, spine, and flap in red and tan leathers.</subfield></datafield><datafield tag="500" ind1=" " ind2=" "><subfield code="a">Support: European laid paper with 6-7 laid lines per cm. (vertical), chain lines spaced 26-27 mm. apart (horizontal), crown-star-crescent watermark (see p.22,23, etc.) and "S S" under trefoil countermark (see p.340) ; sturdy and dense, quite well-burnished.</subfield></datafield><datafield tag="500" ind1=" " ind2=" "><subfield code="a">Decoration: Keywords, section headings, and abbreviation symbols rubricated ; overlining in red ; textual dividers in the form of inverted commas in red.</subfield></datafield><datafield tag="500" ind1=" " ind2=" "><subfield code="a">Script: Nastaʻlīq (talik) ; an elegant Turkish hand ; virtually serifless with tilt to the right, slight effect of words descending to baseline, partially vocalized ; text following preface (p.14) supplied in a different hand.</subfield></datafield><datafield tag="500" ind1=" " ind2=" "><subfield code="a">Layout: Written in 21 lines per page ; frame-ruled.</subfield></datafield><datafield tag="500" ind1=" " ind2=" "><subfield code="a">Collation: ii, I+1 (3), 5 V(53), VI (65), 10 V(165), i ; chiefly quinions ; catchwords present ; foliation in black ink, Hindu-Arabic numerals ; pagination in pencil, Western numerals, supplied during digitization (includes inserts and flyleaves).</subfield></datafield><datafield tag="500" ind1=" " ind2=" "><subfield code="a">Colophon: "Authorial" reads "في غرة شهر رجب من شهور سنة احدى وثمانين وتسعمائة حامدا لله تعالى ومصليا ومسلما على رسوله محمد ... آمين" ; "Scribal" reads "قد وقع الفراغ من تنميق هذه النسخة الشريفة على يد احوج الورى الى رحمة ربه الاعلى يوم الاحد في وقت العصر [من المحرم الحرام] ولي بن شعبان غفر الله العافي عنهما ... من شهور سنة ثمانين والف من هجرة من له العز والشرف ... تم تم تم"</subfield></datafield><datafield tag="500" ind1=" " ind2=" "><subfield code="a">Explicit: "فعليكم ايها الاخ [الاخوان] بالتقوى والاستعداد للقاء الله عز وجل ونعم الاخرة الحمد لله على التمام لوصول التحرير بالاختتام ... برحمة ربنا ذي الجلال والاكرام ورزقهم الفوز هول يوم القيامة"</subfield></datafield><datafield tag="500" ind1=" " ind2=" "><subfield code="a">Incipit: "الحمد لله الذي جعل قلوب العلماء مرايا جمال معاني الهداية ... اما بعد فيقول العبد الفقير الى رحمة ربه وشفاعة نبيه ابو الليث المحرم بن محمد بن العارف بن الحسن الزيلي [؟] ... لما كنت اذاكر كتاب تحفة الملوك ... سألني بعض الطلبة ان اشرحها شرحا يفتح مخفياته وينشر مطوياته ... فاستخرت الله وشرعت الدعاء فالهمني بان ليس للانسان الا ما سعى فطالعت المتون المتداولة والشروح المستعملة مستعينا به ... وسميته هدية الصعلوك في شرح تحفة الملوك ... الحمد لله وسلام على عباده الذين اسطفى ولكن لم يصف الله تعالى بجلال ذاته وكمال صفاته ..."</subfield></datafield><datafield tag="500" ind1=" " ind2=" "><subfield code="a">Title from opening matter (preface) on p.12.</subfield></datafield><datafield tag="500" ind1=" " ind2=" "><subfield code="a">Ms. codex.</subfield></datafield><datafield tag="505" ind1="0" ind2=" "><subfield code="a">7. p.429-430 : [blank].</subfield></datafield><datafield tag="505" ind1="0" ind2=" "><subfield code="a">6. p.427-p.428 : [excerpts].</subfield></datafield><datafield tag="505" ind1="0" ind2=" "><subfield code="a">5. p.14-p.426 : [continuation of Hadīyat al-ṣuʻlūk fī sharḥ Tuḥfat al-mulūk] / Abū al-Layth al-Muḥarram ibn Muḥammad al-Zīlī.</subfield></datafield><datafield tag="505" ind1="0" ind2=" "><subfield code="a">4. p.13 : [waqf statement].</subfield></datafield><datafield tag="505" ind1="0" ind2=" "><subfield code="a">3. p.11-p.13 : [preface of Hadīyat al-ṣuʻlūk fī sharḥ Tuḥfat al-mulūk] / Abū al-Layth al-Muḥarram ibn Muḥammad al-Zīlī.</subfield></datafield><datafield tag="505" ind1="0" ind2=" "><subfield code="a">2. p.9-p.10 : [contents listing].</subfield></datafield><datafield tag="505" ind1="0" ind2=" "><subfield code="a">1. p.1-p.8 : [assorted excerpts].</subfield></datafield><datafield tag="510" ind1="4" ind2=" "><subfield code="a">Brockelmann, C. GAL,</subfield><subfield code="c">I 383</subfield></datafield><datafield tag="520" ind1="8" ind2=" "><subfield code="a">Fine copy of the commentary by Abū al-Layth al-Muḥarram ibn Muḥammad ibn al-ʻĀrif al-Zīlī (al-Zaylāʻī) upon al-Rāzī’s compendium of Ḥanafī law, Tuḥfat al-mulūk. Preceded by contents listing (pp.9-10), along with various excerpts at opening and close of codex.</subfield></datafield><datafield tag="538" ind1=" " ind2=" "><subfield code="a">Mode of access: Internet.</subfield></datafield><datafield tag="541" ind1=" " ind2=" "><subfield code="a">Acquired in 1926 from the bookseller Isaac Benjamin S.E. Yahuda via purchase transacted on his behalf by Abraham Shalom Yahuda (1877-1951), his younger brother.</subfield></datafield><datafield tag="546" ind1=" " ind2=" "><subfield code="a">Arabic.</subfield></datafield><datafield tag="561" ind1=" " ind2=" "><subfield code="a">Detailed waqf statement on p.13 dated 1197 [1782 or 3] in name of al-Sayyid al-Ḥājj Ibrāhīm, al-shahīr bi-Naqībʻzādah al-Ruhāwī (Nakibzade Hacı İbrahim Ruhâvî), likely of Şanlıurfa (Urfa), accompanied by oval seal impression, statement reads "...الحمد لله رب العالمين ... اما بعد فقد وقفت هذا الكتاب المسمى بهدية الصعلوك في شرح تحفة الملوك ووضعته بدار كتبي خالصا لوجه الله وابتغاء لمرضاته وراجيا من المستفيدين الدعاء بالخير بحيث لا يباع ولا يرهن ولا يوهب ولا يخرج من الدار المذكورة ولا يمنع احد من الاستعمال به فمن اراد الاستنساخ ففي ذلك المكان وان ينفعنا الله به يوم لا ينفع مال ولا بنون الا من اتى الله بقلب سليم فمن بدله بعد ما سمعه فانما اثمه على الذين يبدلونه ان الله سميع عليم وانا الفقير الى الله الكريم السيد الحاج ابراهيم الشهير بنقيب زاده الرهاوى سنه ۱۱۹۷" (compare statement in Isl. Ms. 468) ; two effaced ownership statements each accompanied by seal impression (oval and octagonal) on p.13 ; numerous glosses and notabilia (side-heads) ; occasional interlinear and marginal corrections.</subfield></datafield><datafield tag="600" ind1="1" ind2="0"><subfield code="a">Rāzī, Muḥammad ibn Abī Bakr,</subfield><subfield code="d">fl. 1261.</subfield><subfield code="t">Tuḥfat al-mulūk.</subfield></datafield><datafield tag="650" ind1=" " ind2="0"><subfield code="a">Manuscripts, Arabic</subfield><subfield code="z">Michigan</subfield><subfield code="z">Ann Arbor.</subfield></datafield><datafield tag="650" ind1=" " ind2="0"><subfield code="a">Hanafites</subfield><subfield code="v">Early works to 1800.</subfield></datafield><datafield tag="650" ind1=" " ind2="0"><subfield code="a">Islamic law</subfield><subfield code="v">Early works to 1800.</subfield></datafield><datafield tag="700" ind1="0" ind2=" "><subfield code="6">880-05</subfield><subfield code="a">Veli bin Şaban,</subfield><subfield code="d">fl. 1669,</subfield><subfield code="e">scribe.</subfield></datafield><datafield tag="773" ind1="0" ind2=" "><subfield code="a">Yahuda Collection.</subfield></datafield><datafield tag="880" ind1="0" ind2=" "><subfield code="6">700-05/</subfield><subfield code="a">ولى بن شعبان،</subfield><subfield code="e">ناسخ.</subfield></datafield><datafield tag="880" ind1="1" ind2="0"><subfield code="6">245-03/</subfield><subfield code="a">هدية الصعلوك في شرح تحفة الملوك,</subfield><subfield code="f">[1080ه، 1669م].</subfield></datafield><datafield tag="880" ind1="1" ind2=" "><subfield code="6">100-01/</subfield><subfield code="a">محرم بن محمد.</subfield></datafield><datafield tag="CID" ind1=" " ind2=" "><subfield code="a">006803908</subfield></datafield><datafield tag="DAT" ind1="0" ind2=" "><subfield code="a">20190719102636.0</subfield><subfield code="b">20190719000000.0</subfield></datafield><datafield tag="DAT" ind1="1" ind2=" "><subfield code="a">20190719090653.0</subfield><subfield code="b">2019-07-19T16:11:35Z</subfield></datafield><datafield tag="DAT" ind1="2" ind2=" "><subfield code="a">2015-10-02T18:00:03Z</subfield></datafield><datafield tag="CAT" ind1=" " ind2=" "><subfield code="a">SDR-MIU</subfield><subfield code="d">EX LIBRIS - ALEPH</subfield><subfield code="l">prepare.pl-004-008</subfield></datafield><datafield tag="FMT" ind1=" " ind2=" "><subfield code="a">BK</subfield></datafield><datafield tag="HOL" ind1=" " ind2=" "><subfield code="0">sdr-miu006803908</subfield><subfield code="a">MiU</subfield><subfield code="b">SDR</subfield><subfield code="c">MIU</subfield><subfield code="p">mdp.39015079126614</subfield><subfield code="s">MIU</subfield><subfield code="1">006803908</subfield></datafield><datafield tag="974" ind1=" " ind2=" "><subfield code="b">MIU</subfield><subfield code="c">MIU</subfield><subfield code="d">20190719</subfield><subfield code="s">lit-dlps-dc</subfield><subfield code="u">mdp.39015079126614</subfield><subfield code="y">1669</subfield><subfield code="r">pd</subfield><subfield code="q">bib</subfield><subfield code="t">non-US bib date1 &lt; 1879</subfield></datafield></record></collection>